% lime
@inproceedings{ribeiro2016should,
  title={Why should i trust you?: Explaining the predictions of any classifier},
  author={Ribeiro, Marco Tulio and Singh, Sameer and Guestrin, Carlos},
  booktitle={Proceedings of the 22nd ACM SIGKDD international conference on knowledge discovery and data mining},
  pages={1135--1144},
  year={2016},
  organization={ACM}
}

% rise
@inproceedings{Petsiuk2018rise,
  title = {RISE: Randomized Input Sampling for Explanation of Black-box Models},
  author = {Vitali Petsiuk and Abir Das and Kate Saenko},
  booktitle = {Proceedings of the British Machine Vision Conference (BMVC)},
  year = {2018}
}

% shap
@incollection{NIPS2017_7062,
    title = {A Unified Approach to Interpreting Model Predictions},
    author = {Lundberg, Scott M and Lee, Su-In},
    booktitle = {Advances in Neural Information Processing Systems 30},
    editor = {I. Guyon and U. V. Luxburg and S. Bengio and H. Wallach and R. Fergus and S. Vishwanathan and R. Garnett},
    pages = {4765--4774},
    year = {2017},
    publisher = {Curran Associates, Inc.},
    url = {http://papers.nips.cc/paper/7062-a-unified-approach-to-interpreting-model-predictions.pdf}
}

% pytorch
@inproceedings{paszke2017automatic,
  title={Automatic differentiation in PyTorch},
  author={Paszke, Adam and Gross, Sam and Chintala, Soumith and Chanan, Gregory and Yang, Edward and DeVito, Zachary and Lin, Zeming and Desmaison, Alban and Antiga, Luca and Lerer, Adam},
  booktitle={NIPS-W},
  year={2017}
}

% Grad-CAM
@inproceedings{selvaraju2017grad,
  title={Grad-cam: Visual explanations from deep networks via gradient-based localization},
  author={Selvaraju, Ramprasaath R and Cogswell, Michael and Das, Abhishek and Vedantam, Ramakrishna and Parikh, Devi and Batra, Dhruv},
  booktitle={Proceedings of the IEEE International Conference on Computer Vision},
  pages={618--626},
  year={2017}
}

% deepLIFT
@inproceedings{shrikumar2017learning,
  title={Learning important features through propagating activation differences},
  author={Shrikumar, Avanti and Greenside, Peyton and Kundaje, Anshul},
  booktitle={Proceedings of the 34th International Conference on Machine Learning-Volume 70},
  pages={3145--3153},
  year={2017},
  organization={JMLR. org}
}

@misc{pytorchvstensorflow,
  author = {Yashwardhan Jain},
  title = {Tensorflow or PyTorch : The force is strong with which one?},
  year = "2018",
  howpublished = "\url{https://medium.com/@UdacityINDIA/tensorflow-or-pytorch-the-force-is-strong-with-which-one-68226bb7dab4}",
  note = {accessed 01-January-2019}
}

% https://www.cancer.org/cancer/brain-spinal-cord-tumors-adults/detection-diagnosis-staging/how-diagnosed.html

% https://github.com/marcotcr/lime

% http://cs-people.bu.edu/vpetsiuk/rise/index.html

% https://github.com/albermax/innvestigate. Paper describing it: https://arxiv.org/abs/1808.04260

% Class Activation Mapping
% Grad-CAM: https://arxiv.org/abs/1610.02391
% Grad-CAM++: https://arxiv.org/pdf/1710.11063.pdf

% https://towardsdatascience.com/explainable-artificial-intelligence-part-3-hands-on-machine-learning-model-interpretation-e8ebe5afc608
% https://towardsdatascience.com/understanding-model-predictions-with-lime-a582fdff3a3b




% https://towardsdatascience.com/review-u-net-biomedical-image-segmentation-d02bf06ca760
% https://towardsdatascience.com/u-net-b229b32b4a71
% https://towardsdatascience.com/paper-summary-u-net-convolutional-networks-for-biomedical-image-segmentation-13f4851ccc5e
% https://towardsdatascience.com/medical-image-segmentation-part-1-unet-convolutional-networks-with-interactive-code-70f0f17f46c6
